%references
@article{barr2006,
 ISSN = {0266903X, 14602121},
 author = {Nicholas Barr and Peter Diamond},
 journal = {Oxford Review of Economic Policy},
 number = {1},
 pages = {15--39},
 publisher = {Oxford University Press},
 title = {THE ECONOMICS OF PENSIONS},
 volume = {22},
 year = {2006}
}
@article{french2005,
 ISSN = {00346527, 1467937X},
 author = {Eric French},
 journal = {The Review of Economic Studies},
 number = {2},
 pages = {395--427},
 publisher = {[Oxford University Press, The Review of Economic Studies, Ltd.]},
 title = {The Effects of Health, Wealth, and Wages on Labour Supply and Retirement Behaviour},
 volume = {72},
 year = {2005}
}
@mastersthesis{jhang2020,
title ={台灣公務人員年金改革的總體經濟效果},
author ={張景淵},
keywords ={年金改革; 退休金制度; 公務人員; Pension Reform; Pension System; Civil Servant},
journal ={國立臺灣大學經濟學系學位論文},
number ={2020年},
year ={2020},
language ={英文},
school ={國立臺灣大學},
}
@article{thatcher1999,
 ISSN = {09641998, 1467985X},
 author = {A. R. Thatcher},
 journal = {Journal of the Royal Statistical Society. Series A (Statistics in Society)},
 number = {1},
 pages = {5--43},
 publisher = {[Wiley, Royal Statistical Society]},
 title = {The Long-Term Pattern of Adult Mortality and the Highest Attained Age},
 volume = {162},
 year = {1999}
}

@article{samuelson1958,
 ISSN = {00223808, 1537534X},
 author = {Paul A. Samuelson},
 journal = {Journal of Political Economy},
 number = {6},
 pages = {467--482},
 publisher = {University of Chicago Press},
 title = {An Exact Consumption-Loan Model of Interest with or without the Social Contrivance of Money},
 volume = {66},
 year = {1958}
}
@article{aaron1966,
 ISSN = {03154890},
 author = {Henry Aaron},
 journal = {The Canadian Journal of Economics and Political Science / Revue canadienne d'Economique et de Science politique},
 number = {3},
 pages = {371--374},
 publisher = {[Canadian Economics Association, Wiley]},
 title = {The Social Insurance Paradox},
 volume = {32},
 year = {1966}
}
@article{wooldridge2005,
 ISSN = {08837252, 10991255},
 author = {Jeffrey M. Wooldridge},
 journal = {Journal of Applied Econometrics},
 number = {1},
 pages = {39--54},
 publisher = {Wiley},
 title = {Simple Solutions to the Initial Conditions Problem in Dynamic, Nonlinear Panel Data Models with Unobserved Heterogeneity},
 volume = {20},
 year = {2005}
}
@article{gustman1986,
 ISSN = {00129682, 14680262},
 author = {Alan L. Gustman and Thomas L. Steinmeier},
 journal = {Econometrica},
 number = {3},
 pages = {555--584},
 publisher = {[Wiley, Econometric Society]},
 title = {A Structural Retirement Model},
 volume = {54},
 year = {1986}
}
@article{burtless1986,
 ISSN = {00346527, 1467937X},
 author = {Gary Burtless},
 journal = {The Review of Economic Studies},
 number = {5},
 pages = {781--805},
 publisher = {[Oxford University Press, Review of Economic Studies, Ltd.]},
 title = {Social Security, Unanticipated Benefit Increases, and the Timing of Retirement},
 volume = {53},
 year = {1986}
}
@article{stock1990,
 ISSN = {00129682, 14680262},
 author = {James H. Stock and David A. Wise},
 journal = {Econometrica},
 number = {5},
 pages = {1151--1180},
 publisher = {[Wiley, Econometric Society]},
 title = {Pensions, the Option Value of Work, and Retirement},
 volume = {58},
 year = {1990}
}
@article{rust1997,
 ISSN = {00129682, 14680262},
 author = {John Rust and Christopher Phelan},
 journal = {Econometrica},
 number = {4},
 pages = {781--831},
 publisher = {[Wiley, Econometric Society]},
 title = {How Social Security and Medicare Affect Retirement Behavior In a World of Incomplete Markets},
 volume = {65},
 year = {1997}
}
@booklet{old_age_econ5,
 title = {老年經濟安全制度專刊第5期},
 author = {國家發展委員會人力發展處},
 year = {2021}
}
@article{pistaferri2015,
 ISSN = {00028282},
 author = {Hamish Low and Luigi Pistaferri},
 journal = {The American Economic Review},
 number = {10},
 pages = {2986--3029},
 publisher = {American Economic Association},
 title = {Disability Insurance and the Dynamics of the Incentive Insurance Trade-Off},
 volume = {105},
 year = {2015}
}