%references
@article{barr2006,
 ISSN = {0266903X, 14602121},
 author = {Nicholas Barr and Peter Diamond},
 journal = {Oxford Review of Economic Policy},
 number = {1},
 pages = {15--39},
 publisher = {Oxford University Press},
 title = {THE ECONOMICS OF PENSIONS},
 volume = {22},
 year = {2006}
}
@article{french2005,
 ISSN = {00346527, 1467937X},
 author = {Eric French},
 journal = {The Review of Economic Studies},
 number = {2},
 pages = {395--427},
 publisher = {[Oxford University Press, The Review of Economic Studies, Ltd.]},
 title = {The Effects of Health, Wealth, and Wages on Labour Supply and Retirement Behaviour},
 volume = {72},
 year = {2005}
}
@mastersthesis{jhang2020,
title ={台灣公務人員年金改革的總體經濟效果},
author ={張景淵},
keywords ={年金改革; 退休金制度; 公務人員; Pension Reform; Pension System; Civil Servant},
journal ={國立臺灣大學經濟學系學位論文},
number ={2020年},
year ={2020},
language ={英文},
school ={國立臺灣大學},
}
@article{thatcher1999,
 ISSN = {09641998, 1467985X},
 author = {A. R. Thatcher},
 journal = {Journal of the Royal Statistical Society. Series A (Statistics in Society)},
 number = {1},
 pages = {5--43},
 publisher = {[Wiley, Royal Statistical Society]},
 title = {The Long-Term Pattern of Adult Mortality and the Highest Attained Age},
 volume = {162},
 year = {1999}
}

@article{samuelson1958,
 ISSN = {00223808, 1537534X},
 author = {Paul A. Samuelson},
 journal = {Journal of Political Economy},
 number = {6},
 pages = {467--482},
 publisher = {University of Chicago Press},
 title = {An Exact Consumption-Loan Model of Interest with or without the Social Contrivance of Money},
 volume = {66},
 year = {1958}
}
@article{aaron1966,
 ISSN = {03154890},
 author = {Henry Aaron},
 journal = {The Canadian Journal of Economics and Political Science / Revue canadienne d'Economique et de Science politique},
 number = {3},
 pages = {371--374},
 publisher = {[Canadian Economics Association, Wiley]},
 title = {The Social Insurance Paradox},
 volume = {32},
 year = {1966}
}
@article{wooldridge2005,
 ISSN = {08837252, 10991255},
 author = {Jeffrey M. Wooldridge},
 journal = {Journal of Applied Econometrics},
 number = {1},
 pages = {39--54},
 publisher = {Wiley},
 title = {Simple Solutions to the Initial Conditions Problem in Dynamic, Nonlinear Panel Data Models with Unobserved Heterogeneity},
 volume = {20},
 year = {2005}
}
@article{gustman1986,
 ISSN = {00129682, 14680262},
 author = {Alan L. Gustman and Thomas L. Steinmeier},
 journal = {Econometrica},
 number = {3},
 pages = {555--584},
 publisher = {[Wiley, Econometric Society]},
 title = {A Structural Retirement Model},
 volume = {54},
 year = {1986}
}
@article{burtless1986,
 ISSN = {00346527, 1467937X},
 author = {Gary Burtless},
 journal = {The Review of Economic Studies},
 number = {5},
 pages = {781--805},
 publisher = {[Oxford University Press, Review of Economic Studies, Ltd.]},
 title = {Social Security, Unanticipated Benefit Increases, and the Timing of Retirement},
 volume = {53},
 year = {1986}
}
@article{stock1990,
 ISSN = {00129682, 14680262},
 author = {James H. Stock and David A. Wise},
 journal = {Econometrica},
 number = {5},
 pages = {1151--1180},
 publisher = {[Wiley, Econometric Society]},
 title = {Pensions, the Option Value of Work, and Retirement},
 volume = {58},
 year = {1990}
}
@article{rust1997,
 ISSN = {00129682, 14680262},
 author = {John Rust and Christopher Phelan},
 journal = {Econometrica},
 number = {4},
 pages = {781--831},
 publisher = {[Wiley, Econometric Society]},
 title = {How Social Security and Medicare Affect Retirement Behavior In a World of Incomplete Markets},
 volume = {65},
 year = {1997}
}
@booklet{old_age_econ5,
 title = {老年經濟安全制度專刊第5期},
 author = {國家發展委員會人力發展處},
 year = {2021}
}
@article{pistaferri2015,
 ISSN = {00028282},
 author = {Hamish Low and Luigi Pistaferri},
 journal = {The American Economic Review},
 number = {10},
 pages = {2986--3029},
 publisher = {American Economic Association},
 title = {Disability Insurance and the Dynamics of the Incentive Insurance Trade-Off},
 volume = {105},
 year = {2015}
}
@article{french2011,
 ISSN = {00129682, 14680262},
 author = {Eric French and John Bailey Jones},
 journal = {Econometrica},
 number = {3},
 pages = {693--732},
 publisher = {[Wiley, Econometric Society]},
 title = {THE EFFECTS OF HEALTH INSURANCE AND SELF-INSURANCE ON RETIREMENT BEHAVIOR},
 volume = {79},
 year = {2011}
}
@article{french2012,
 author = {Eric French and John Bailey Jones},
 journal = {International Tax and Public Finance},
 number = {2},
 pages = {pp. 268--287},
 publisher = {International Institute of Public Finance},
 title = {Public pensions and labor supply over the life cycle},
 volume = {19},
 year = {2012}
}
@article{french2017,
 ISSN = {19411383, 19411391},
 author = {Eric French and John Bailey Jones},
 journal = {Annual Review of Economics},
 number = {},
 pages = {pp. 383--409},
 publisher = {Annual Reviews},
 title = {Health, Health Insurance, and Retirement: A Survey},
 volume = {9},
 year = {2017}
}
@article{yang2009,
title ={Who Pays Pensions? {{The}} Impact of New Labor Pension Scheme on Labor Wages},
author ={Tzu-Ting Yang and Ming-Ching Luoh},
keywords ={工資; 退休金; Wage; Pension},
journal ={Academia Economic Papers},
volume ={37},
number ={3},
year ={2009},
pages ={339-368},
language ={繁體中文},
ISSN ={1018-161x},
publisher ={中央研究院經濟研究所},
}
@mastersthesis{yang2010,
title ={勞退新制對中高齡者勞動供給之影響},
author ={楊于箴},
journal ={中國文化大學經濟學系學位論文},
year ={2010},
language ={繁體中文},
school ={中國文化大學},
}
@mastersthesis{chen2015,
title ={臺灣勞工保險改制年金給付對家戶儲蓄之影響},
author ={陳佩琪},
journal ={臺北大學財政學系學位論文},
number ={2015年},
year ={2015},
pages ={1-59},
language ={繁體中文},
school ={國立臺北大學},
}

@booklet{reform2017,
 title = {\rm{The Impact of Pension System Reform on the Macroeconomy and Labor Market}},
 author = {Wei-Wen Lai and Ping-Lung Hsin and Feng-Wei Liu and Shih-Chun Chang},
 publisher = {National Development Council},
 year = {2017}
}

@article{feldstein1974,
 ISSN = {00223808, 1537534X},
 author = {Martin Feldstein},
 journal = {Journal of Political Economy},
 number = {5},
 pages = {905--926},
 publisher = {University of Chicago Press},
 title = {Social Security, Induced Retirement, and Aggregate Capital Accumulation},
 volume = {82},
 year = {1974}
}

@article{attanasio2003,
 ISSN = {00335533, 15314650},
 author = {Orazio P. Attanasio and Agar Brugiavini},
 journal = {The Quarterly Journal of Economics},
 number = {3},
 pages = {1075--1119},
 publisher = {Oxford University Press},
 title = {Social Security and Households' Saving},
 volume = {118},
 year = {2003}
}

@article{aguila2011,
 ISSN = {19457731, 1945774X},
 author = {Emma Aguila},
 journal = {American Economic Journal: Economic Policy},
 number = {4},
 pages = {1--24},
 publisher = {American Economic Association},
 title = {Personal Retirement Accounts and Saving},
 volume = {3},
 year = {2011}
}

@article{chetty2014,
 ISSN = {00335533, 15314650},
 author = {Raj Chetty and John N. Friedman and Søren Leth-Petersen and Torben Heien Nielsen and Tore Olsen},
 journal = {The Quarterly Journal of Economics},
 number = {3},
 pages = {1141--1220},
 publisher = {Oxford University Press},
 title = {ACTIVE VS. PASSIVE DECISIONS AND CROWD-OUT IN RETIREMENT SAVINGS ACCOUNTS: EVIDENCE FROM DENMARK},
 volume = {129},
 year = {2014}
}
@article{feng2011,
title = {Public pension and household saving: Evidence from urban China},
journal = {Journal of Comparative Economics},
volume = {39},
number = {4},
pages = {470-485},
year = {2011},
issn = {0147-5967},
author = {Jin Feng and Lixin He and Hiroshi Sato},
keywords = {Pensions, Pension reform, Household savings rate, China},
}

@article{lacowska2018,
 ISSN = {19457731, 1945774X},
 author = {Marta Lachowska and Michał Myck},
 journal = {American Economic Journal: Economic Policy},
 number = {3},
 pages = {284--308},
 publisher = {American Economic Association},
 title = {The Effect of Public Pension Wealth on Saving and Expenditure},
 volume = {10},
 year = {2018}
}

@article{daminato2023,
    author = {Daminato, Claudio and Padula, Mario},
    title = "{The Life-Cycle Effects of Pension Reforms: A Structural Approach}",
    journal = {Journal of the European Economic Association},
    volume = {22},
    number = {1},
    pages = {355-392},
    year = {2023},
    issn = {1542-4766},
}

@article{haan2014,
title = {Longevity, life-cycle behavior and pension reform},
journal = {Journal of Econometrics},
volume = {178},
pages = {582-601},
year = {2014},
issn = {0304-4076},
author = {Peter Haan and Victoria Prowse},
keywords = {Life expectancy, Public pension reform, Retirement, Employment, Life-cycle models, Consumption, Tax and transfer system},
}

@article{cheng2020,
title = {Pension Reform in Taiwan: A Macroeconomic Analysis},
journal = {Taiwan Economic Review},
volume = {48:1},
pages = {1-30},
year = {2020},
author = {Yu-Hsiang Cheng and Hsuan-Chih Lin and Atsuko Tanaka},
keywords = {pension reform, labor supply, intensive margin, extensive
margin}
}

@article{de-nardi2004,
    author = {De Nardi, Mariacristina},
    title = "{Wealth Inequality and Intergenerational Links}",
    journal = {The Review of Economic Studies},
    volume = {71},
    number = {3},
    pages = {743-768},
    year = {2004},
    month = {07},
    issn = {0034-6527},
}

